<record><leader>00000cas a22000007a 4500</leader><controlfield tag="001">15203783</controlfield><controlfield tag="008">870217d19671978iauwr ne      0    0eng d</controlfield><datafield ind1=" " ind2=" " tag="010"><subfield code="a">sn 87057360 </subfield></datafield><datafield ind1=" " ind2=" " tag="040"><subfield code="a">INP</subfield><subfield code="b">eng</subfield><subfield code="c">INP</subfield><subfield code="d">OCLCQ</subfield></datafield><datafield ind1=" " ind2=" " tag="042"><subfield code="a">msc</subfield></datafield><datafield ind1="0" ind2="4" tag="245"><subfield code="a">The Melvin news.</subfield></datafield><datafield ind1=" " ind2=" " tag="260"><subfield code="a">Ocheyedan, Iowa :</subfield><subfield code="b">Press,</subfield><subfield code="c">-1978.</subfield></datafield><datafield ind1=" " ind2=" " tag="300"><subfield code="a">v. :</subfield><subfield code="b">ill.</subfield></datafield><datafield ind1=" " ind2=" " tag="310"><subfield code="a">Weekly</subfield></datafield><datafield ind1="1" ind2=" " tag="362"><subfield code="a">Began in 1967.</subfield><subfield code="z">Cf. Bibl. of Iowa newspapers.</subfield></datafield><datafield ind1="0" ind2=" " tag="362"><subfield code="a">-v. 84, no. 19 (Apr. 6, 1978).</subfield></datafield><datafield ind1=" " ind2=" " tag="588"><subfield code="a">Description based on: Vol. 16, no. 25 (May 27, 1976).</subfield></datafield><datafield ind1=" " ind2=" " tag="752"><subfield code="a">United States</subfield><subfield code="b">Iowa</subfield><subfield code="c">Osceola</subfield><subfield code="d">Ocheyedan.</subfield></datafield><datafield ind1="0" ind2=" " tag="777"><subfield code="t">Ocheyedan press (Ocheyedan, Iowa : 1947)</subfield><subfield code="w">(DLC)sn 87057361</subfield><subfield code="g">&lt;May 27, 1976-Apr. 6, 1978&gt;</subfield></datafield><datafield ind1="0" ind2="0" tag="780"><subfield code="t">Melvin shopper news</subfield></datafield><datafield ind1="0" ind2="7" tag="785"><subfield code="t">Ocheyeden press (Ocheyedan, Iowa : 1947)</subfield><subfield code="w">(DLC)sn 87057361</subfield></datafield><datafield ind1="0" ind2="7" tag="785"><subfield code="t">Ocheyedan press-the Melvin news</subfield><subfield code="w">(DLC)sn 87057362</subfield></datafield></record>